@BOOK{UD,
	author= "Lucien Tesni\`ere",
	title="Elements of Structural Syntax",
	year=1959,
	note="\url{https://archive.org/details/LucienTesniereElementsDeSyntaxeStructurale}"
}

@ARTICLE{GraphNet,
  author ="Peter W. Battaglia and Jessica B. Hamrick and Victor Bapst and Alvaro Sanchez-Gonzalez and Vinicius Zambaldi and Mateusz Malinowski and Andrea Tacchetti and David Raposo and Adam Santoro and Ryan Faulkner and Caglar Gulcehre and Francis Song and Andrew Ballard and Justin Gilmer and George Dahl and Ashish Vaswani and Kelsey Allen and Charles Nash and Victoria Langston and Chris Dyer and Nicolas Heess and Daan Wierstra and Pushmeet Kohli and Matt Botvinick and Oriol Vinyals and Yujia Li and Razvan Pascanu",
  title  ="Relational inductive biases and deep learning and and graph networks",
  month  =oct,
  year   =2018,
  note = "\url{https://arxiv.org/pdf/1806.01261.pdf}"
}

@ARTICLE{HSSAS,
	author ="Kamal Al-Sabahi and Zhang Zuping and Mohammed Nadher",
	title  ="A Hierarchical Structured Self-Attentive Modelfor Extractive Document Summarization",
	month  =apr,
	year   =2018,
	note = "\url{https://arxiv.org/pdf/1805.07799.pdf}"
}

@ARTICLE{CNN_DM,
	author ="Karl Moritz Hermann and Tom\'a\u{s} Ko\u{c}isk\'y and Edward Grefenstette and Lasse Espeholt and Will Kay and Mustafa Suleyman and Phil Blunsom",
	title ="Teaching Machines to Read and Comprehend",
	year =2015,
	month =nov,
	note = "\url{https://arxiv.org/pdf/1506.03340.pdf}"
}

@ARTICLE{ROUGE,
	author ="Chin-Yew Lin",
	title ="ROUGE: A Package for Automatic Evaluation of Summaries",
	year =2004,
	month =jul,
	note = "\url{https://www.aclweb.org/anthology/W04-1013.pdf}"
}

@ARTICLE{BERTsum,
	author ="Yang Liu and Mirella Lapata",
	title ="Text Summarization with Pretrained Encoders",
	year =2019,
	month =sep,
	note = "\url{https://arxiv.org/pdf/1908.08345v2.pdf}"
}

@ARTICLE{ELMo,
	author ="Matthew E. Peters and Mark Neumann and Mohit Iyyer and Matt Gardner and Christopher Clark and Kenton Lee and Luke Zettlemoyer",
	title ="Deep contextualized word representations",
	year =2018,
	month=mar,
	note="\url{https://arxiv.org/pdf/1802.05365.pdf}"
}

@ARTICLE{SemParse,
	author ="\'Ad\'am Kov\'acs and Kinga Andrea G\'emes",
	title ="Semantic parsing with graph transformations",
	year =2018,
	month =oct,
	note ="\url{https://tdk.bme.hu/VIK/Intelligens4/Szemantika-elemzes-graftranszformaciokkal1}"
}

@ARTICLE{Bahdanau:2015,
	title ="Neural machine translation by jointly learning to align and translate",
	author ="Dzmitry Bahdanau and Kyunghyun Cho and Yoshua Bengio",
	year =2015,
	note ="\url{https://arxiv.org/pdf/1409.0473.pdf}"
}